@techreport{taxobftrans,
    author = "Christian Collberg and Clark Thomborson and Douglas Low",
    title = "A Taxonomy of Obfuscating Transformations",
    institution = "The University of Auckland",
    year = "1997",
    month = "July"
}

@techreport{dataobf,
    author = "Christian Collberg and Clark Thomborson and Douglas Low",
    title = "Breaking Abstractions and Unstructuring Data Structures",
    institution = "The University of Auckland",
    year = "1998",
    month = "May"
}

@misc{skypeobf,
    author = "Philippe Biondi and Fabrice Desclaux",
    title = "Silver Needle in the Skype",
    year = "2006",
    month = "March",
    howpublished = "http://www.secdev.org/conf/skype_BHEU06.handout.pdf"
}

@misc{cdecomp,
    author = "Backer Street Software",
    title = "REC 2.1 - Reverse Engineering Compiler",
    year = "2011",
    month = "April",
    howpublished = "http://www.backerstreet.com/rec/rec.htm"
}

@misc{stunnix,
    author = "Stunnix",
    title = "Introduction to C and C++ Obfuscator",
    year = "2011",
    month = "March",
    howpublished = "http://www.stunnix.com/prod/cxxo/overview.shtml"
}

@misc{classinfo,
    author = "Bill Venners",
    title = "The Java class file lifestyle",
    year = "1996",
    month = "July",
    howpublished = "http://www.javaworld.com/jw-07-1996/jw-07-classfile.html?page=2"
}

@misc{noobf,
    author = "Chris Wysopal",
    title = "Good Obfuscation, Bad code",
    year = "2009",
    month = "April",
    howpublished = "http://www.securityfocus.com/columnists/498"
}

@techreport{disres,
    author = "Cullen Linn and Saumya Debray",
    title = "Obfuscation of Executable Code to Improve Resistance to Static Disassembly",
    institution = "University of Arizona",
    year = "2003",
    month = "October"
}

@mastersthesis{staticanal,
    author = "Brett Cannon",
    title = "Localized Type Inference of Atomic Types in Python",
    school = "California Polytechnic State University",
    year = "2005",
    month = "June"
}
howpublished = "http://www.ocf.berkeley.edu/~bac/thesis.pdf"

@misc{yguard,
    author = "yWorks",
    title = "yGuard",
    year = "2011",
    month = "February",
    howpublished = "http://www.yworks.com/en/products\_yguard\_about.htm"
}

@misc{django,
    author = "Django Software Foundation",
    title = "Django",
    year = 2011,
    month = "March",
    howpublished = "http://www.djangoproject.com/"
}

@misc{pygoogle,
    author = "Greg Stein",
    title = "Python at Google",
    year = 2006,
    month = "February",
    howpublished = "http://panela.blog-city.com/python\_at\_google\_greg\_stein\_\_sdforum.htm"
}

@misc{gimp,
    author = "The GIMP Team",
    title = "GIMP - The GNU Image Manupulation Program",
    year = 2011,
    month = "May",
    howpublished = "http://www.gimp.org/"
}

@misc{freezereadme,
    author = "Guido van Rossum",
    title = "The Freeze Script",
    year = 2003,
    month = "October",
    howpublished = "http://svn.python.org/view/python/trunk/Tools/freeze/README?\\
                    revision=34439\&view=markup"
}

@misc{decompyle,
    author = "Hartmut Goebel and John Aycock",
    title = "Decompyle",
    year = 2009,
    month = "July",
    howpublished = "http://sourceforge.net/projects/decompyle/"
}

@misc{pirates,
    author = "Aaron Portnoy and Ali-Rizvi Santiago",
    title = "Reverse Engineering Python Applications",
    year = 2008,
    month = "July",
    howpublished = "http://www.usenix.org/event/woot08/tech/full\_papers/portnoy/portnoy.pdf"
}

@misc{py2exe,
    author = "Thomas Heller",
    title = "py2exe",
    year = 2011,
    month = "January",
    howpublished = "http://www.py2exe.org/"
}

@misc{dis,
    title = "dis - Disassembler for Python bytecode",
    author = "Python Software Foundation",
    year = 2011,
    month = "May",
    howpublished = "http://docs.python.org/py3k/library/dis.html"
}

@misc{dycodeobf,
    title = "Code Obfuscation",
    author = "M86 Security Labs",
    year = 2011,
    month = "March",
    howpublished = "http://www.m86security.com/labs/code-obfuscation.asp"
}

@phdthesis{desevobf,
    author = "Anirban Majumdar",
    title = "Design and Evaluation of Software Obfuscations",
    school = "The University of Auckland",
    year = "2008",
}
howpublished = "http://www.cs.auckland.ac.nz/~cthombor/Students/amajumdar/amajthesis.pdf"

@misc{bitboost,
    title = "Python obfuscator and code size reducer",
    author = "BitBoost Systems",
    year = 2009,
    howpublished = "http://bitboost.com/\#Python\_obfuscator"
}

@misc{pyobf,
    title = "pyobfuscate",
    author = "Peter Astrand",
    year = 2005,
    month = "April",
    howpublished = "http://www.lysator.liu.se/~astrand/projects/pyobfuscate/"
}

@misc{pygments,
    title = "pygments",
    author = "Pocco",
    year = 2011,
    month = "April",
    howpublished = "http://pygments.org/"
}

@misc{pythontidy,
    title = "PythonTidy 1.20",
    author = "Chuck Rhode",
    year = 2006,
    month = "October",
    howpublished = "http://pypi.python.org/pypi/PythonTidy"
}

@misc{pyflakes,
    title = "pyflakes 0.4.0",
    author = "Moe Aboulkheir",
    year = 2009,
    month = "October",
    howpublished = "http://pypi.python.org/pypi/pyflakes"
}

@misc{pylint,
    title = "pylint",
    author = "Sylvain Thenault",
    year = 2010,
    month = "March",
    howpublished = "http://www.logilab.org/857"
}

@misc{pychecker,
    title = "pychecker",
    author = "Neal Norwitz and Eric C. Newton",
    year = 2008,
    month = "July",
    howpublished = "http://pychecker.sourceforge.net/"
}

@misc{pydev,
    title = "PyDev",
    author = "Aptana",
    year = 2011,
    month = "May",
    howpublished = "http://pydev.org/"
}

@misc{bikerepair,
    title = "Bicycle Repair Man, a Refactoring Tool for Python",
    author = "Dr. Don Roberts and Dr. John Brant",
    year = 2009,
    month = "July",
    howpublished = "http://bicyclerepair.sourceforge.net/"
}

@misc{pyprop,
    title = "Python property builtin",
    author = "Python Software Foundation",
    year = 2011,
    month = "May",
    howpublished = "http://docs.python.org/py3k/library/functions.html\#property"
}

@misc{pygrammar,
    title = "Full Grammar Specification",
    author = "Python Software Foundation",
    year = 2011,
    month = "May",
    howpublished = "http://docs.python.org/py3k/reference/grammar.html"
}

@misc{pyagrammar,
    title = "Abstract Grammar",
    author = "Python Software Foundation",
    year = 2011,
    month = "May",
    howpublished = "http://docs.python.org/py3k/library/ast.html"
}

@misc{2to3,
    title = "2to3 - Automated Python 2 to 3 code translation",
    author = "Python Software Foundation",
    year = 2011,
    month = "May",
    howpublished = "http://docs.python.org/py3k/library/2to3.html"
}

@misc{pycmd,
    title = "cmd - Support for line-oriented command interpreters",
    author = "Python Software Foundation",
    year = 2011,
    month = "May",
    howpublished = "http://docs.python.org/py3k/library/cmd.html",
}

@misc{pytkinter,
    title = "Tkinter - Python interface to Tcl/Tk",
    author = "Python Software Foundation",
    year = 2011,
    month = "May",
    howpublised = "http://docs.python.org/py3k/library/tkinter.html"
}

@mastersthesis{hosemocha,
    title = "Java Control Flow Obfuscation",
    school = "University of Auckland",
    year = "1998",
    month = "June",
    author = "Douglas Low"
}

@techreport{obfquant,
    author = "Bart Preneel",
    title = "Program Obfuscation: A Quantative Approach",
    institution = "Katholieke Universiteit Leuven",
    month = "October",
    year = "2007"
}

@misc{202c,
    title = "German sites close, as anti-hacking law arrives",
    author = "Robert Lemos",
    year = 2007,
    month = "September",
    howpublished = "http://www.securityfocus.com/brief/567"
}

@misc{docstr,
    title = "PEP 257 -- Docstring Conventions",
    author = "David Goodger and Guido van Rossum",
    year = 2001,
    month = "June",
    howpublished = "http://www.python.org/dev/peps/pep-0257/"
}

@misc{intprec,
    title = "Numeric Types - int, float, complex",
    author ="Python Software Foundation",
    year = 2011,
    month = "May",
    howpublished = "http://docs.python.org/py3k/library/stdtypes.html\#numeric-types-int-float-complex"
}

@misc{genexpr,
    title = "PEP 289 -- Generator Expressions",
    author = "Raymond Hettinger",
    year = 2003,
    month = "October",
    howpublished = "http://www.python.org/dev/peps/pep-0289/"
}

@misc{fileformat,
    title = "Top-level Components",
    author = "Python Software Foundation",
    year = 2011,
    month = "May",
    howpublished = "http://docs.python.org/py3k/reference/toplevel\_components.html" 
}

@misc{datamodel,
    title = "Data Model - Objects, values and types",
    author = "Python Software Foundation",
    year = 2011,
    month = "May",
    howpublished = "http://docs.python.org/py3k/reference/datamodel.html\#objects-values-and-types"
}

@misc{namebinding,
    title = "Execution Model - Naming and Binding",
    author = "Python Software Foundation",
    year = 2011,
    month = "May",
    howpublished = "http://docs.python.org/py3k/reference/executionmodel.html\#naming-and-binding"
}

@inproceedings{oviedo,
    author = "Enrique I. Oviedo",
    title = "Control flow, data flow and program complexity",
    booktitle = "IEEE COMPSAC",
    year = 1980,
    month = "November"
}

@misc{localityprob,
    author = "Gregory Wroblewski",
    title = "General Method of Program Code Obfuscation",
    howpublished = "http://citeseerx.ist.psu.edu/viewdoc/summary?doi=10.1.1.19.8630",
    year = 2002,
    month = "June"
}

@article{knots,
    author = "Martin R. Woodward and Michael A. Hennell and David Hedley",
    title = "A Measure of Control Flow Complexity in Program Text",
    journal = "IEEE Trans. Softw. Eng.",
    volume = 5,
    issue = 1,
    month = "January",
    year = "1979",
    pages = {45--50}
} 

@inproceedings{opaquepred,
    author = "Christian Collberg and Clark Thomborson and Douglas Low",
    title = "Manufacturing Cheap, Resilient, and Stealthy Opaque Constructs",
    booktitle = "IN PRINCIPLES OF PROGRAMMING LANGUAGES 1998, POPL’98",
    year = 1998,
    month = "January",
    pages = {184--196}
}

@article{aliasing,
 author = "Ganesan Ramalingam",
 title = "The undecidability of aliasing",
 journal = "ACM Trans. Program. Lang. Syst.",
 volume = 16,
 issue = 5,
 month = "September",
 year = 1994,
 pages = {1467--1471},
 publisher = {ACM},
} 

@article{exceptionpred,
    author = "Daniel Dolz and Gererdo Parra",
    title = "Using Exception Handling to Build Opaque Predicates in Intermediate Code Obfuscation Techniques",
    journal = "Journal of Computer Science \& Technology",
    year = 2008,
    month = "July",
    volume = 8,
    number = 2
}
