@techreport{taxobftrans,
    author = "Christian Collberg and Clark Thomborson and Douglas Low",
    title = "A Taxonomy of Obfuscating Transformations",
    institution = "The University of Auckland",
    year = "1997"
}
